@electronic{fpc, 
    author = {Alex Fowler},
    title = {More Choice and Control Over Online Tracking},
    url =
    {https://firstpersoncookie.wordpress.com/2011/01/23/more-choice-and-control-over-online-tracking/},
}
@electronic{Radian6,
  author = {Radian6},
  title = {The Radian6 Dashboard},
  organization = {Radian6},
  url = {http://www.radian6.com/products/radian6-dashboard/},
}
@electronic{ftc,
    author = {Federal Trade Commission},
    title = {Protecting Consumer Privacy in an Era of Rapid Change},
    organization = {Federal Trade Commission},
    url = {http://www.ftc.gov/os/2010/12/101201privacyreport.pdf},
}
@electronic{smt,
  author = {Ken Burbary},
  title = {Facebook Demographics Revisited - 2011 Statistics},
  organization = {Social Media Today},
  url = {http://socialmediatoday.com/kenburbary/276356/facebook-demographics-revisited-2011-statistics},
}
@electronic{silicon,
  author = {Shelley Portlet},
  title = {Social network accounts outnumber people on Earth},
  organization = {Silicon.com},
  url =
  {http://www.silicon.com/technology/mobile/2011/04/01/social-network-accounts-outnumber-people-on-earth-39747241/},
}
@electronic{alexa,
  author = {Alexa},
  title = {Alexa Top 500},
  organization = {Alexa},
  url = {http://www.alexa.com/topsites},
}
@electronic{thinkup,
  author = {Gina Trapani},
  title = {ThinkUp: Social Meida Insights Platform},
  organization = {Expert Labs},
  url = {http://thinkupapp.com/}
}
@article{barnes2006privacy,
  title={{A privacy paradox: Social networking in the United States}},
  author={Barnes, S.B.},
  journal={First Monday},
  volume={11},
  number={9},
  pages={11--15},
  year={2006}
}
@conference{zheleva2009join,
  title={{To join or not to join: the illusion of privacy in social networks with mixed public and private user profiles}},
  author={Zheleva, E. and Getoor, L.},
  booktitle={Proceedings of the 18th international conference on World wide web},
  pages={531--540},
  year={2009},
}
@article{boyd2008social,
  title={{Social network sites: Definition, history, and scholarship}},
  author={Boyd, D.M. and Ellison, N.B.},
  journal={Journal of Computer-Mediated Communication},
  volume={13},
  number={1},
  pages={210--230},
  issn={1083-6101},
  year={2008},
  publisher={Wiley Online Library}
}

